@book{shigleydesign,
    author = "Richard G. Budynas and J. Keith Nisbett",
    title = "Shigley's Mechanical Engineering Design",
    edition = "2024 Release",
    year = "2024",
    publisher = "McGraw-Hill"
}
@online{sxfbearing,
    author = "SXF",
    title = "Single row tapered roller bearing",
    urldate = "4/24/2025",
    url = "https://www.skf.com/us/products/rolling-bearings/roller-bearings/tapered-roller-bearings/single-row-tapered-roller-bearings/productid-39585%2F39520"
}
